@article{Marketsizestat,
  title =	 {Market size of the video games industry in the United States from 2013 to 2023 (in billion U.S. dollars) .},
  year =	 2023,
  publisher =	 {IBISWorld},
  url={https://www.statista.com/statistics/246892/value-of-the-video-game-market-in-the-us/},
}

@article{Sacranie2010Analysis,
  title =	 {Consumer Perceptions \& Video Game Sales: A Meeting of the Minds},
  author =	 {John Sacranie},
  journal =	 {Digital Commons \& IWU},
  number =   108,
  pages=   {1-31},
  year =	 2010,
  publisher =	 {Illinois Wesleyan University},
  url ={https://digitalcommons.iwu.edu/cgi/viewcontent.cgi?article=1107&context=econ_honproj}
}

@article{Babb2013Analysis,
  title =	 {The Impact Of Platform On Global Video Game Sales},
  author =	 {Jeffry Babb and Neil Terry and Kareem Dana},
  journal =	 {International Business \& Economics Research Journal},
  volume =	 12,
  number =	 10,
  pages =	 {1-16},
  year =	 2013,
  publisher =	 {Chute Institute},
  url ={https://clutejournals.com/index.php/IBER/article/view/8136/8186}
}

@article{maindataset,
  title =	 {Video Game Sales Dataset Updated -Extra Feat},
  author =	 {Ibrahim Muhammad Naeem},
  year =	 2023,
  url={https://www.kaggle.com/dsv/4984906}
}

@article{Cox2013Analysis,
  title =	 {What Makes a Blockbuster Video Game? An Empirical Analysis of US Sales Data},
  author =	 {Joe Cox},
  journal =	 {Managerial and Decision Economics},
  volume =	 35,
  number =	 3,
  pages =	 {189-198},
  year =	 2013,
  publisher =	 {Wiley},
  url ={https://doi.org/10.1002/mde.2608}
}